<?xml version="1.0" encoding="UTF-8" ?>
<collection xmlns:xsi="http://www.w3.org/2001/XMLSchema-instance" xsi:schemaLocation="http://www.loc.gov/MARC21/slim http://www.loc.gov/standards/marcxml/schema/MARC21slim.xsd" xmlns="http://www.loc.gov/MARC21/slim">
   <record>
      <leader>     cam a22      a 4500</leader>
      <controlfield tag="001">6049580</controlfield>
      <controlfield tag="003">COO</controlfield>
      <controlfield tag="005">20130331141734.0</controlfield>
      <controlfield tag="008">860116m19009999ua       bd  f001 0 arar </controlfield>
      <datafield tag="010" ind1=" " ind2=" ">
         <subfield code="a">   85964085 </subfield>
      </datafield>
      <datafield tag="035" ind1=" " ind2=" ">
         <subfield code="a">6049580</subfield>
      </datafield>
      <datafield tag="035" ind1=" " ind2=" ">
         <subfield code="a">(OCoLC)16129154</subfield>
      </datafield>
      <datafield tag="040" ind1=" " ind2=" ">
         <subfield code="a">DLC</subfield>
         <subfield code="c">DLC</subfield>
      </datafield>
      <datafield tag="050" ind1="0" ind2="0">
         <subfield code="a">PJ6620</subfield>
         <subfield code="b">.U4 1983</subfield>
      </datafield>
      <datafield tag="100" ind1="1" ind2=" ">
         <subfield code="a">ʻUkbarī, ʻAbd Allāh ibn al-Ḥusayn,</subfield>
         <subfield code="d">1143 or 1144-1219.</subfield>
      </datafield>
      <datafield tag="240" ind1="1" ind2="0">
         <subfield code="a">Iṣlāḥ al-manṭiq</subfield>
      </datafield>
      <datafield tag="245" ind1="1" ind2="3">
         <subfield code="a">al-Mashūf al-muʻlam fī tartīb al-Iṣlāḥ ʻalá ḥurūf al-muʻjam /</subfield>
         <subfield code="c">taṣnīf Abī al-Baqāʼ ʻAbd Allāh ibn al-Ḥusayn al-ʻUkbarī al-Ḥanbalī ; taḥqīq Yāsīn Muḥammad al-Sawwās.</subfield>
      </datafield>
      <datafield tag="260" ind1=" " ind2=" ">
         <subfield code="a">al-Mamlakah al-ʻArabīyah al-Saʻūdīyah :</subfield>
         <subfield code="b">Jāmiʻat Umm al-Qurá, Markaz al-Baḥth al-ʻIlmī wa-Iḥyāʼ al-Turāth al-Islāmī, Kullīyat al-Sharīʻah wa-al-Dirāsāt al-Islāmīyah,</subfield>
         <subfield code="c">&lt;1983-   &gt;</subfield>
      </datafield>
      <datafield tag="300" ind1=" " ind2=" ">
         <subfield code="a">v.  ;</subfield>
         <subfield code="c">24 cm.</subfield>
      </datafield>
      <datafield tag="490" ind1="1" ind2=" ">
         <subfield code="a">Min al-turāth al-Islāmī ;</subfield>
         <subfield code="v">al-kitāb 27</subfield>
      </datafield>
      <datafield tag="504" ind1=" " ind2=" ">
         <subfield code="a">Bibliography: v. 2, p. 1031-1041.</subfield>
      </datafield>
      <datafield tag="500" ind1=" " ind2=" ">
         <subfield code="a">Includes indexes.</subfield>
      </datafield>
      <datafield tag="650" ind1=" " ind2="0">
         <subfield code="a">Arabic language</subfield>
         <subfield code="v">Dictionaries</subfield>
         <subfield code="v">Early works to 1700.</subfield>
      </datafield>
      <datafield tag="700" ind1="1" ind2=" ">
         <subfield code="a">Sawwās, Yāsīn Muḥammad.</subfield>
      </datafield>
      <datafield tag="830" ind1=" " ind2="0">
         <subfield code="a">Min al-turāth al-Islāmī (Jāmiʻat Umm al-Qurá. Markaz al-Baḥth al-ʻIlmī wa-Iḥyāʼ al-Turāth al-Islāmī) ;</subfield>
         <subfield code="v">al-kitāb 27.</subfield>
      </datafield>
      <datafield tag="903" ind1=" " ind2=" ">
         <subfield code="a">Google</subfield>
         <subfield code="d">20120911</subfield>
         <subfield code="p">31924105532802</subfield>
         <subfield code="v">v.1</subfield>
      </datafield>
      <datafield tag="903" ind1=" " ind2=" ">
         <subfield code="a">Google</subfield>
         <subfield code="d">20120911</subfield>
         <subfield code="p">31924105532802</subfield>
         <subfield code="v">v.1 </subfield>
      </datafield>
      <datafield tag="948" ind1="0" ind2=" ">
         <subfield code="a">20070530</subfield>
         <subfield code="b">i</subfield>
         <subfield code="d">pca1</subfield>
         <subfield code="e">lts</subfield>
         <subfield code="h">appr</subfield>
      </datafield>
      <datafield tag="948" ind1="1" ind2=" ">
         <subfield code="a">20070606</subfield>
         <subfield code="b">c</subfield>
         <subfield code="d">bwt1</subfield>
         <subfield code="e">lts</subfield>
      </datafield>
      <datafield tag="948" ind1="2" ind2=" ">
         <subfield code="a">20100903</subfield>
         <subfield code="b">m</subfield>
         <subfield code="d">batch</subfield>
         <subfield code="e">lts</subfield>
         <subfield code="x">del9XXtxt</subfield>
      </datafield>
      <datafield tag="952" ind1=" " ind2=" ">
         <subfield code="b">olin</subfield>
         <subfield code="h">PJ6620</subfield>
         <subfield code="i">.U4 1983</subfield>
      </datafield>
      <datafield tag="995" ind1=" " ind2=" ">
         <subfield code="a">Hivolm</subfield>
         <subfield code="d">20100903</subfield>
      </datafield>
      <datafield tag="903" ind1=" " ind2=" ">
         <subfield code="a">NYUACO</subfield>
         <subfield code="d">20131119</subfield>
         <subfield code="p">31924105532802</subfield>
      </datafield>
      <datafield tag="950" ind1=" " ind2=" ">
         <subfield code="a">PJ6620</subfield>
         <subfield code="b">.U4 1983</subfield>
         <subfield code="v">v.1 </subfield>
      </datafield>
      <datafield tag="903" ind1=" " ind2=" ">
         <subfield code="a">NYUACO</subfield>
         <subfield code="d">20131119</subfield>
         <subfield code="p">31924105532810</subfield>
      </datafield>
      <datafield tag="950" ind1=" " ind2=" ">
         <subfield code="a">PJ6620</subfield>
         <subfield code="b">.U4 1983</subfield>
         <subfield code="v">v.2 </subfield>
      </datafield>
   </record>
</collection>
